<?xml version="1.0" encoding="UTF-8"?><collection xmlns="http://www.loc.gov/MARC21/slim"><record><leader>00498nam--2200181-i-4500</leader><controlfield tag="001">000014607</controlfield><controlfield tag="002">20161230</controlfield><controlfield tag="005">20170209181101</controlfield><controlfield tag="008">060222s1000------------r-----000-0-eng-d</controlfield><datafield ind1=" " ind2=" " tag="080"><subfield code="a">541.15:621.039.3:621.039.554:543:001.891 (O47.3)</subfield></datafield><datafield ind1=" " ind2=" " tag="100"><subfield code="a">Crocker, I. H</subfield></datafield><datafield ind1=" " ind2=" " tag="245"><subfield code="a">Aecl research programs in chemistry</subfield></datafield><datafield ind1=" " ind2=" " tag="260"><subfield code="a">Chalk River</subfield><subfield code="b">Atomic Energy Of Canada Ltd</subfield><subfield code="c">1980</subfield></datafield><datafield ind1=" " ind2=" " tag="300"><subfield code="a">16 p</subfield></datafield><datafield ind1=" " ind2=" " tag="490"><subfield code="a">Aecl</subfield><subfield code="v">7071</subfield></datafield><datafield ind1=" " ind2=" " tag="700"><subfield code="a">Eastwood, T. A</subfield></datafield><datafield ind1=" " ind2=" " tag="852"><subfield code="a">59157</subfield></datafield><datafield ind1=" " ind2=" " tag="CAT"><subfield code="a">SYS</subfield><subfield code="c">20170209</subfield><subfield code="h">181101</subfield></datafield></record></collection>